@incollection{2Witten:2011:DMP:1972514,
	author = {Witten, Ian H. and Frank, Eibe and Hall, Mark A.},
	title = {Decision Trees},
	booktitle = {Data Mining: Practical Machine Learning Tools and Techniques},
	chapter = {6.2},
	pages = {206},
	year = {2011},
	isbn = {0123748569, 9780123748560},
	edition = {3rd},
	publisher = {Morgan Kaufmann Publishers Inc.},
	address = {San Francisco, CA, USA},
}

@incollection{2Witten:2011:DMP:REPTree,
	author = {Witten, Ian H. and Frank, Eibe and Hall, Mark A.},
	title = {Decision Trees},
	booktitle = {Data Mining: Practical Machine Learning Tools and Techniques},
	chapter = {11.4},
	pages = {456},
	year = {2011},
	isbn = {0123748569, 9780123748560},
	edition = {3rd},
	publisher = {Morgan Kaufmann Publishers Inc.},
	address = {San Francisco, CA, USA},
}

@book{Russell:2003:AIM:773294,
	author = {Russell, Stuart J. and Norvig, Peter},
	title = {Artificial Intelligence: A Modern Approach},
	year = {2003},
	isbn = {0137903952},
	edition = {2},
	publisher = {Pearson Education},
} 

@INPROCEEDINGS{Cohen93efficientpruning,
	author = {William W. Cohen},
	title = {Efficient Pruning Methods For Separate-And-Conquer Rule Learning Systems},
	booktitle = {In Proceedings of the 13th International Joint Conference on Artificial Intelligence},
	year = {1993},
	pages = {988--994},
	publisher = {Morgan Kaufmann}
}

@INPROCEEDINGS{Weiss91reducedcomplexity,
	author = {Sholom M. Weiss and Nitin Indurkhya},
	title = {Reduced complexity rule induction},
	booktitle = {In Proceedings of the 12th International Joint Conference on Artificial Intelligence (IJCAI-91},
	year = {1991},
	pages = {678--684},
	publisher = {Morgan Kaufmann}
}

@MISC{Furnkranz94incrementalreduced,
	author = {Johannes FÃ¼rnkranz and Gerhard Widmer},
	title = {Incremental Reduced Error Pruning},
	year = {1994}
}

@article{Chawla02smote:synthetic,
	author = {Nitesh V. Chawla and Kevin W. Bowyer and Lawrence O. Hall and W. Philip Kegelmeyer},
	title = {SMOTE: Synthetic Minority Over-sampling Technique},
	journal = {Journal of Artificial Intelligence Research},
	year = {2002},
	volume = {16},
	pages = {321--357}
}

@INPROCEEDINGS{Cohen95fasteffective,
	author = {William W. Cohen},
	title = {Fast Effective Rule Induction},
	booktitle = {In Proceedings of the Twelfth International Conference on Machine Learning},
	year = {1995},
	pages = {115--123},
	publisher = {Morgan Kaufmann}
}

@incollection{Witten:2011:DMP:1972514,
	author = {Witten, Ian H. and Frank, Eibe and Hall, Mark A.},
	title = {Decision Trees},
	booktitle = {Data Mining: Practical Machine Learning Tools and Techniques},
	chapter = {6.11},
	pages = {303},
	year = {2011},
	isbn = {0123748569, 9780123748560},
	edition = {3rd},
	publisher = {Morgan Kaufmann Publishers Inc.},
	address = {San Francisco, CA, USA},
}

@article{Pagallo1990,
 author = {Pagallo, Giulia and Haussler, David},
 title = {Boolean Feature Discovery in Empirical Learning},
 journal = {Mach. Learn.},
 issue_date = {Mar. 1990},
 volume = {5},
 number = {1},
 month = may,
 year = {1990},
 issn = {0885-6125},
 pages = {71--99},
 numpages = {29},
 acmid = {83649},
 publisher = {Kluwer Academic Publishers},
 address = {Hingham, MA, USA},
 keywords = {DNF functions, concept learning, decision lists, decision trees, dynamic bias},
}

@MISC{Brunk91aninvestigation,
	author = {Clifford Brunk and Michael J. Pazzani},
	title = {An Investigation of Noise-Tolerant Relational Concept Learning Algorithms},
	year = {1991}
}
@phdthesis{Hall1998,
	address = {Hamilton, New Zealand},
	author = {M. A. Hall},
	school = {University of Waikato},
	title = {Correlation-based Feature Subset Selection for Machine Learning},
	year = {1998}
}

misc{C50,
	author = {Ross Quinlan},
	title = {{C5.0 Download Single-threaded GPL version}},
	howpublished = {\url{http://www.rulequest.com/GPL/C50.tgz}},
	year = {2013}
}

incollection{Witten:2011:DMP:1972514,
	author = {Witten, Ian H. and Frank, Eibe and Hall, Mark A.},
	title = {Decision Trees},
	booktitle = {Data Mining: Practical Machine Learning Tools and Techniques},
	chapter = {6.1},
	pages = {196},
	year = {2011},
	isbn = {0123748569, 9780123748560},
	edition = {3rd},
	publisher = {Morgan Kaufmann Publishers Inc.},
	address = {San Francisco, CA, USA},
}

@Article{Quinlan1990,
	author="Quinlan, J.R.",
	title="Learning Logical Definitions from Relations",
	journal="Machine Learning",
	volume="5",
	number="3",
	pages="239--266",
	abstract="This paper describes FOIL, a system that learns Horn clauses from data expressed as relations. FOIL is based on ideas that have proved effective in attribute-value learning systems, but extends them to a first-order formalism. This new system has been applied successfully to several tasks taken from the machine learning literature.",
	issn="1573-0565",
	year="1990",
}

@book{Quinlan:1993:CPM:152181,
	author = {Quinlan, J. Ross},
	title = {C4.5: Programs for Machine Learning},
	year = {1993},
	isbn = {1-55860-238-0},
	publisher = {Morgan Kaufmann Publishers Inc.},
	address = {San Francisco, CA, USA},
}

@article{Quinlan:1989:IDT:70758.70761,
	author = {Quinlan, J. R. and Rivest, R. L.},
	title = {Inferring Decision Trees Using the Minimum Description Length Principle},
	journal = {Inf. Comput.},
	issue_date = {Mar. 1989},
	volume = {80},
	number = {3},
	month = mar,
	year = {1989},
	issn = {0890-5401},
	pages = {227--248},
	numpages = {22},
	acmid = {70761},
	publisher = {Academic Press, Inc.},
	address = {Duluth, MN, USA},
}

@INPROCEEDINGS{Quinlan95mdland,
	author = {J. R. Quinlan},
	title = {{MDL} and Categorical Theories (Continued)},
	booktitle = {In Machine Learning: Proceedings of the Twelfth International Conference, Lake Taho},
	year = {1995},
	pages = {464--470},
	publisher = {Morgan Kaufmann}
}

@article{Shannon:1948,
	added-at = {2015-08-08T11:55:03.000+0200},
	author = {Shannon, Claude E.},
	biburl = {http://www.bibsonomy.org/bibtex/2cffc93e45b2239371a1ff918f84d8252/privtec},
	interhash = {754130207906fcec16a53d330eeff348},
	intrahash = {cffc93e45b2239371a1ff918f84d8252},
	journal = {The Bell System Technical Journal},
	keywords = {imported},
	number = 3,
	owner = {jonny},
	pages = {379--423},
	timestamp = {2015-08-08T11:55:03.000+0200},
	title = {{A} {M}athematical {T}heory of {C}ommunication},
	volume = 27,
	year = 1948
}

@article{Quinlan:1987:SDT:50007.50008,
	author = {Quinlan, J. R.},
	title = {Simplifying Decision Trees},
	journal = {Int. J. Man-Mach. Stud.},
	issue_date = {September 1987},
	volume = {27},
	number = {3},
	month = sep,
	year = {1987},
	issn = {0020-7373},
	pages = {221--234},
	numpages = {14},
	acmid = {50008},
	publisher = {Academic Press Ltd.},
	address = {London, UK, UK},
}

@article{Esposito:1997:CAM:252862.252878,
	author = {Esposito, Floriana and Malerba, Donato and Semeraro, Giovanni},
	title = {A Comparative Analysis of Methods for Pruning Decision Trees},
	journal = {IEEE Trans. Pattern Anal. Mach. Intell.},
	issue_date = {May 1997},
	volume = {19},
	number = {5},
	month = may,
	year = {1997},
	issn = {0162-8828},
	pages = {476--491},
	numpages = {16},
	acmid = {252878},
	publisher = {IEEE Computer Society},
	address = {Washington, DC, USA},
	keywords = {Decision trees, top-down induction of decision trees, simplification of decision trees, pruning and grafting operators, optimal pruning, comparative studies.},
}

@article{Domingos:1997:OSB:274158.274160,
	author = {Domingos, Pedro and Pazzani, Michael},
	title = {On the Optimality of the Simple Bayesian Classifier Under Zero-One Loss},
	journal = {Mach. Learn.},
	issue_date = {Nov./Dec. 1997},
	volume = {29},
	number = {2-3},
	month = nov,
	year = {1997},
	issn = {0885-6125},
	pages = {103--130},
	numpages = {28},
	acmid = {274160},
	publisher = {Kluwer Academic Publishers},
	address = {Hingham, MA, USA},
	keywords = {Simple Bayesian classifier, induction with attribute dependences, naive Bayesian classifier, optimal classification, zero-one loss},
} 

@inbook{Mitchell:1997:ML:541177,
	author = {Mitchell, Thomas M.},
	title = {Machine Learning},
	chapter = {6},
	year = {1997},
	isbn = {0070428077, 9780070428072},
	edition = {1},
	publisher = {McGraw-Hill, Inc.},
	address = {New York, NY, USA},
} 